@book{reiter_dale_2000, 
  place={Cambridge}, 
  series={Studies in Natural Language Processing}, 
  title={Building Natural Language Generation Systems}, 
  DOI={10.1017/CBO9780511519857}, 
  publisher={Cambridge University Press}, 
  author={Reiter, Ehud and Dale, Robert}, year={2000}, 
}

@article{Reiter1997BuildingAN,
  title={Building applied natural language generation systems},
  author={Ehud Reiter and R. Dale},
  journal={Natural Language Engineering},
  year={1997},
  volume={3},
  pages={57 - 87}
}

@article{balboa2020,
  title={Generación de noticias a partir de datos estructurados en el dominio del béisbol},
  author={Balboa, Roberto},
  year={2020}
}

@article{Gatt2018SurveyOT,
  title={Survey of the State of the Art in Natural Language Generation: Core tasks, applications and evaluation},
  author={Albert Gatt and Emiel J. Krahmer},
  journal={ArXiv},
  year={2018},
  volume={abs/1703.09902}
}

@article{Yu2006ChoosingTC,
  title={Choosing the content of textual summaries of large time-series data sets},
  author={Jin Yu and Ehud Reiter and Jim Hunter and Chris Mellish},
  journal={Natural Language Engineering},
  year={2006},
  volume={13},
  pages={25 - 49}
}

@inproceedings{Dubou2003StatisticalAO,
  title={Statistical Acquisition of Content Selection Rules for Natural Language Generation},
  author={Pablo Ariel Dubou{\'e} and Kathleen McKeown},
  booktitle={EMNLP},
  year={2003}
}

@article{Perera2017RecentAI,
  title={Recent Advances in Natural Language Generation: A Survey and Classification of the Empirical Literature},
  author={Rivindu Perera and Parma Nand},
  journal={Comput. Informatics},
  year={2017},
  volume={36},
  pages={1-32}
}

@inproceedings{BouayadAgha2011ContentSF,
  title={Content selection from an ontology-based knowledge base for the generation of football summaries},
  author={Nadjet Bouayad-Agha and Gerard Casamayor and L. Wanner},
  booktitle={ENLG},
  year={2011}
}

@article{mckeown1985discourse,
  title={Discourse strategies for generating natural-language text},
  author={McKeown, Kathleen R},
  journal={Artificial intelligence},
  volume={27},
  number={1},
  pages={1--41},
  year={1985},
  publisher={Elsevier}
}

@article{mann1988rhetorical,
  title={Rhetorical structure theory: Toward a functional theory of text organization},
  author={Mann, William C and Thompson, Sandra A},
  journal={Text-interdisciplinary Journal for the Study of Discourse},
  volume={8},
  number={3},
  pages={243--281},
  year={1988},
  publisher={De Gruyter Mouton}
}


@inproceedings{reape1999just,
  title={Just what is aggregation anyway},
  author={Reape, Mike and Mellish, Chris},
  booktitle={Proceedings of the 7th European Workshop on Natural Language Generation},
  pages={20--29},
  year={1999}
}

@inproceedings{Shaw1998ClauseAU,
  title={Clause Aggregation Using Linguistic Knowledge},
  author={James Shaw},
  booktitle={INLG},
  year={1998}
}

@inproceedings{walker2001spot,
  title={SPoT: A trainable sentence planner},
  author={Walker, Marilyn and Rambow, Owen and Rogati, Monica},
  booktitle={Second Meeting of the North American Chapter of the Association for Computational Linguistics},
  year={2001}
}

@inproceedings{Barzilay2006AggregationVS,
  title={Aggregation via Set Partitioning for Natural Language Generation},
  author={Regina Barzilay and Mirella Lapata},
  booktitle={NAACL},
  year={2006}
}

@inproceedings{danlos2011easytext,
  title={EasyText: an operational NLG system},
  author={Danlos, Laurence and Meunier, Fr{\'e}d{\'e}ric and Combet, Vanessa},
  booktitle={ENLG 2011-13th European Workshop on Natural Language Generation},
  year={2011}
}

@inproceedings{cimiano2013exploiting,
  title={Exploiting ontology lexica for generating natural language texts from RDF data},
  author={Cimiano, Philipp and L{\"u}ker, Janna and Nagel, David and Unger, Christina},
  booktitle={Proceedings of the 14th European Workshop on Natural Language Generation},
  pages={10--19},
  year={2013}
}

@article{dale1995computational,
  title={Computational interpretations of the Gricean maxims in the generation of referring expressions},
  author={Dale, Robert and Reiter, Ehud},
  journal={Cognitive science},
  volume={19},
  number={2},
  pages={233--263},
  year={1995},
  publisher={Elsevier}
}

@article{ferreira2018neuralreg,
  title={NeuralREG: An end-to-end approach to referring expression generation},
  author={Ferreira, Thiago Castro and Moussallem, Diego and K{\'a}d{\'a}r, Akos and Wubben, Sander and Krahmer, Emiel},
  journal={arXiv preprint arXiv:1805.08093},
  year={2018}
}

@article{siddharthan2011information,
  title={Information status distinctions and referring expressions: An empirical study of references to people in news summaries},
  author={Siddharthan, Advaith and Nenkova, Ani and McKeown, Kathleen},
  journal={Computational Linguistics},
  volume={37},
  number={4},
  pages={811--842},
  year={2011},
  publisher={MIT Press One Rogers Street, Cambridge, MA 02142-1209, USA journals-info~…}
}